#Generated using info from Google Scholar

@article{Burleigh:2022,
  title={Spatiotemporal Limitations of Data-Driven Modeling: An ISINGLASS Case Study},
  author={Burleigh, M and Lynch, K and Zettergren, M and Clayton, R},
  journal={Journal of Geophysical Research: Space Physics},
  volume={127},
  number={9},
  pages={e2021JA030242},
  year={2022},
  publisher={Wiley Online Library}
}

@article{Lamarche:2022,
  title={Observations and modeling of scintillation in the vicinity of a polar cap patch},
  author={Lamarche, Leslie J and Deshpande, Kshitija B and Zettergren, Matthew D},
  journal={Journal of Space Weather and Space Climate},
  volume={12},
  pages={27},
  year={2022},
  publisher={EDP Sciences}
}

@article{Clayton:2021,
  title={Examining the auroral ionosphere in three dimensions using reconstructed 2D maps of auroral data to drive the 3D GEMINI model},
  author={Clayton, Robert and Burleigh, Meghan and Lynch, Kristina A and Zettergren, Matt and Evans, Tucker and Grubbs, Guy and Hampton, Donald L and Hysell, David and Kaeppler, Stephen and Lessard, Marc and others},
  journal={Journal of Geophysical Research: Space Physics},
  volume={126},
  number={11},
  pages={e2021JA029749},
  year={2021},
  publisher={Wiley Online Library}
}

@article{Diaz:2021,
  title={Auroral Heating of Plasma Patches Due to High-Latitude Reconnection},
  author={D{\'\i}az Pe{\~n}a, Joaqu{\'\i}n and Semeter, Joshua and Nishimura, Yukitoshi and Varney, Roger and Reimer, Ashton and Hairston, Marc and Zettergren, Matthew and Hirsch, Michael and Verkhoglyadova, Olga and Hosokawa, Keisuke and others},
  journal={Journal of Geophysical Research: Space Physics},
  volume={126},
  number={12},
  pages={e2021JA029657},
  year={2021},
  publisher={Wiley Online Library}
}

@article{Inchin:2021,
  title={Inferring the evolution of a large earthquake from its acoustic impacts on the ionosphere},
  author={Inchin, PA and Snively, JB and Kaneko, Y and Zettergren, MD and Komjathy, A},
  journal={AGU Advances},
  volume={2},
  number={2},
  pages={e2020AV000260},
  year={2021},
  publisher={Wiley Online Library}
}

@article{Spicher:2020,
  title={On the production of ionospheric irregularities via Kelvin-Helmholtz instability associated with cusp flow channels},
  author={Spicher, Andres and Deshpande, Kshitija and Jin, Yaqi and Oksavik, Kjellmar and Zettergren, Matthew D and Clausen, Lasse BN and Moen, J{\o}ran I and Hairston, Marc R and Baddeley, Lisa},
  journal={Journal of Geophysical Research: Space Physics},
  volume={125},
  number={6},
  pages={e2019JA027734},
  year={2020},
  publisher={Wiley Online Library}
}

@article{Inchin:2020,
  title={Modeling of ionospheric responses to atmospheric acoustic and gravity waves driven by the 2015 Nepal 7.8 Gorkha earthquake},
  author={Inchin, PA and Snively, JB and Zettergren, MD and Komjathy, A and Verkhoglyadova, OP and Tulasi Ram, S},
  journal={Journal of Geophysical Research: Space Physics},
  volume={125},
  number={4},
  pages={e2019JA027200},
  year={2020},
  publisher={Wiley Online Library}
}

@article{Deshpande:2019,
  title={Satellite-Beacon Ionospheric-Scintillation Global Model of the Upper Atmosphere (SIGMA) III: Scintillation Simulation Using A Physics-Based Plasma Model},
  author={Deshpande, Kshitija Bharat and Zettergren, Matthew David},
  journal={Geophysical Research Letters},
  volume={46},
  number={9},
  pages={4564--4572},
  year={2019},
  publisher={Wiley Online Library}
}

@article{Burleigh:2019,
  title={Transient ionospheric upflow driven by poleward moving auroral forms observed during the Rocket Experiment for Neutral Upwelling 2 (RENU2) campaign},
  author={Burleigh, M and Zettergren, M and Lynch, K and Lessard, M and Moen, J and Clausen, L and Kenward, David and Hysell, D and Liemohn, M},
  journal={Geophysical Research Letters},
  volume={46},
  number={12},
  pages={6297--6305},
  year={2019},
  publisher={Wiley Online Library}
}

@article{Zettergren:2019,
  title={Latitude and longitude dependence of ionospheric TEC and magnetic perturbations from infrasonic-acoustic waves generated by strong seismic events},
  author={Zettergren, MD and Snively, JB},
  journal={Geophysical Research Letters},
  volume={46},
  number={3},
  pages={1132--1140},
  year={2019},
  publisher={Wiley Online Library}
}

@article{Burleigh:2018,
  title={Modulation of low-altitude ionospheric upflow by linear and nonlinear atmospheric gravity waves},
  author={Burleigh, MR and Heale, CJ and Zettergren, MD and Snively, JB},
  journal={Journal of Geophysical Research: Space Physics},
  volume={123},
  number={9},
  pages={7650--7667},
  year={2018},
  publisher={Wiley Online Library}
}

@article{Zettergren:2017,
  title={Nonlinear ionospheric responses to large-amplitude infrasonic-acoustic waves generated by undersea earthquakes},
  author={Zettergren, MD and Snively, JB and Komjathy, A and Verkhoglyadova, OP},
  journal={Journal of Geophysical Research: Space Physics},
  volume={122},
  number={2},
  pages={2272--2291},
  year={2017},
  publisher={Wiley Online Library}
}

@article{Swoboda:2017,
  title={Observability of ionospheric space-time structure with ISR: A simulation study},
  author={Swoboda, John and Semeter, Joshua and Zettergren, Matthew and Erickson, Philip J},
  journal={Radio Science},
  volume={52},
  number={2},
  pages={215--234},
  year={2017},
  publisher={AGU}
}

@article{Burleigh:2017,
  title={Anisotropic fluid modeling of ionospheric upflow: Effects of low-altitude anisotropy and thermospheric winds},
  author={Burleigh, M and Zettergren, M},
  journal={Journal of Geophysical Research: Space Physics},
  volume={122},
  number={1},
  pages={808--827},
  year={2017},
  publisher={Wiley Online Library}
}

@article{Perry:2015,
  title={Spatiotemporally resolved electrodynamic properties of a Sun-aligned arc over Resolute Bay},
  author={Perry, GW and Dahlgren, Hanna and Nicolls, MJ and Zettergren, M and St.-Maurice, J-P and Semeter, JL and Sundberg, T and Hosokawa, K and Shiokawa, K and Chen, S},
  journal={Journal of Geophysical Research: Space Physics},
  volume={120},
  number={11},
  pages={9977--9987},
  year={2015},
  publisher={Wiley Online Library}
}

@article{Lynch:2015,
  title={MICA sounding rocket observations of conductivity-gradient-generated auroral ionospheric responses: Small-scale structure with large-scale drivers},
  author={Lynch, KA and Hampton, DL and Zettergren, M and Bekkeng, TA and Conde, M and Fernandes, PA and Horak, P and Lessard, M and Miceli, R and Michell, R and others},
  journal={Journal of Geophysical Research: Space Physics},
  volume={120},
  number={11},
  pages={9661--9682},
  year={2015},
  publisher={Wiley Online Library}
}

@article{Fang:2010,
  title={Parameterization of monoenergetic electron impact ionization},
  author={Fang, Xiaohua and Randall, Cora E and Lummerzheim, Dirk and Wang, Wenbin and Lu, Gang and Solomon, Stanley C and Frahm, Rudy A},
  journal={Geophysical Research Letters},
  volume={37},
  number={22},
  year={2010},
  publisher={Wiley Online Library}
}

@book{Leveque:2007,
  title={Finite difference methods for ordinary and partial differential equations: steady-state and time-dependent problems},
  author={LeVeque, Randall J},
  year={2007},
  publisher={SIAM}
}

@book{Huba:1998,
  title={NRL plasma formulary},
  author={Huba, Joseph Donald},
  volume={6790},
  number={98-358},
  year={1998},
  publisher={Naval Research Laboratory}
}

@article{Huba:1996,
  title={Finite Larmor radius magnetohydrodynamics of the Rayleigh--Taylor instability},
  author={Huba, JD},
  journal={Physics of Plasmas},
  volume={3},
  number={7},
  pages={2523--2532},
  year={1996},
  publisher={American Institute of Physics}
}

@article{Solomon:2001,
  title={Auroral particle transport using Monte Carlo and hybrid methods},
  author={Solomon, Stanley C},
  journal={Journal of Geophysical Research: Space Physics},
  volume={106},
  number={A1},
  pages={107--116},
  year={2001},
  publisher={Wiley Online Library}
}

@article{Solomon:2017,
  title={Global modeling of thermospheric airglow in the far ultraviolet},
  author={Solomon, Stanley C},
  journal={Journal of Geophysical Research: Space Physics},
  volume={122},
  number={7},
  pages={7834--7848},
  year={2017},
  publisher={Wiley Online Library}
}

@misc{Arfken7th,
  title={Mathematical methods for physicists},
  author={Arfken, George B and Weber, Hans J},
  year={1999},
  publisher={American Association of Physics Teachers}
}

@article{Zettergren:2017,
  title={Nonlinear ionospheric responses to large-amplitude infrasonic-acoustic waves generated by undersea earthquakes},
  author={Zettergren, MD and Snively, JB and Komjathy, A and Verkhoglyadova, OP},
  journal={Journal of Geophysical Research: Space Physics},
  volume={122},
  number={2},
  pages={2272--2291},
  year={2017},
  publisher={Wiley Online Library}
}

@article{Mitchell:1985,
  title={A simulation of high latitude F-layer instabilities in the presence of magnetosphere-ionosphere coupling},
  author={Mitchell, HG and Fedder, JA and Keskinen, MJ and Zalesak, ST},
  journal={Geophysical research letters},
  volume={12},
  number={5},
  pages={283--286},
  year={1985},
  publisher={Wiley Online Library}
}

@article{Gondarenko:1999,
  title={Gradient drift instability in high latitude plasma patches: Ion inertial effects},
  author={Gondarenko, NA and Guzdar, PN},
  journal={Geophysical research letters},
  volume={26},
  number={22},
  pages={3345--3348},
  year={1999},
  publisher={Wiley Online Library}
}

@article{schunk:1974,
  title={Transport equations for aeronomy},
  author={Schunk, RW},
  journal={Planetary and Space Science},
  volume={23},
  number={3},
  pages={437--485},
  year={1975},
  publisher={Elsevier}
}

@article{Keskinen:1988,
  title={Nonlinear evolution of the Kelvin-Helmholtz instability in the high-latitude ionosphere},
  author={Keskinen, MJ and Mitchell, HG and Fedder, JA and Satyanarayana, P and Zalesak, ST and Huba, JD},
  journal={Journal of Geophysical Research: Space Physics},
  volume={93},
  number={A1},
  pages={137--152},
  year={1988},
  publisher={Wiley Online Library}
}

@inproceedings{Diloy:1996,
  title={A numerical model of the ionosphere, including the E-region above EISCAT},
  author={Diloy, P-Y and Robineau, A and Lilensten, J and Blelly, P-L and Fontanari, J},
  booktitle={Annales Geophysicae},
  volume={14},
  number={2},
  pages={191--200},
  year={1996},
  organization={Springer}
}

@article{Richtmyer:1994,
  title={Difference methods for initial-value problems},
  author={Richtmyer, Robert D and Morton, Keith W},
  journal={Malabar, Fla.: Krieger Publishing Co.,| c1994, 2nd ed.},
  year={1994}
}

@article{Mitchell:1985,
  title={A simulation of high latitude F-layer instabilities in the presence of magnetosphere-ionosphere coupling},
  author={Mitchell, HG and Fedder, JA and Keskinen, MJ and Zalesak, ST},
  journal={Geophysical research letters},
  volume={12},
  number={5},
  pages={283--286},
  year={1985},
  publisher={Wiley Online Library}
}

@article{Zettergren:2015b,
  title={Dynamics of density cavities generated by frictional heating: Formation, distortion, and instability},
  author={Zettergren, MD and Semeter, JL and Dahlgren, Hanna},
  journal={Geophysical Research Letters},
  volume={42},
  number={23},
  year={2015},
  publisher={Wiley Online Library}
}

@article{Zettergren:2015,
  title={Ionospheric response to infrasonic-acoustic waves generated by natural hazard events},
  author={Zettergren, MD and Snively, JB},
  journal={Journal of Geophysical Research: Space Physics},
  volume={120},
  number={9},
  pages={8002--8024},
  year={2015},
  publisher={Wiley Online Library}
}

@article{Zettergren:2012,
  title={Ionospheric plasma transport and loss in auroral downward current regions},
  author={Zettergren, M and Semeter, J},
  journal={Journal of Geophysical Research: Space Physics},
  volume={117},
  number={A6},
  year={2012},
  publisher={Wiley Online Library}
}

@article{Zettergren:2013,
  title={Ionospheric signatures of acoustic waves generated by transient tropospheric forcing},
  author={Zettergren, MD and Snively, JB},
  journal={Geophysical Research Letters},
  volume={40},
  number={20},
  pages={5345--5349},
  year={2013},
  publisher={Wiley Online Library}
}

@article{Zettergren:2014,
  title={Auroral ionospheric F region density cavity formation and evolution: MICA campaign results},
  author={Zettergren, M and Lynch, K and Hampton, D and Nicolls, M and Wright, B and Conde, M and Moen, J and Lessard, M and Miceli, R and Powell, S},
  journal={Journal of Geophysical Research: Space Physics},
  volume={119},
  number={4},
  pages={3162--3178},
  year={2014},
  publisher={Wiley Online Library}
}

@article{Schunk:1977,
  title={Mathematical structure of transport equations for multispecies flows},
  author={Schunk, RW},
  journal={Reviews of Geophysics},
  volume={15},
  number={4},
  pages={429--445},
  year={1977},
  publisher={Wiley Online Library}
}

@inproceedings{Blelly:1993,
  title={A comparative study of the time-dependent standard 8-, 13-and 16-moment transport formulations of the polar wind},
  author={Blelly, PL and Schunk, RW},
  booktitle={Annales geophysicae},
  volume={11},
  number={6},
  pages={443--469},
  year={1993},
  organization={Copernicus}
}

@article{Huba:2000,
  title={Sami2 is Another Model of the Ionosphere (SAMI2): A new low-latitude ionosphere model},
  author={Huba, JD and Joyce, G and Fedder, JA},
  journal={Journal of Geophysical Research: Space Physics},
  volume={105},
  number={A10},
  pages={23035--23053},
  year={2000},
  publisher={Wiley Online Library}
}

@article{Solomon:2005,
  title={Solar extreme-ultraviolet irradiance for general circulation models},
  author={Solomon, Stanley C and Qian, Liying},
  journal={Journal of Geophysical Research: Space Physics},
  volume={110},
  number={A10},
  year={2005},
  publisher={Wiley Online Library}
}

@article{Richards:1994,
  title={EUVAC: A solar EUV flux model for aeronomic calculations},
  author={Richards, PG and Fennelly, JA and Torr, DG},
  journal={Journal of Geophysical Research: Space Physics},
  volume={99},
  number={A5},
  pages={8981--8992},
  year={1994},
  publisher={Wiley Online Library}
}

@article{Fang:2008,
  title={Electron impact ionization: A new parameterization for 100 eV to 1 MeV electrons},
  author={Fang, Xiaohua and Randall, Cora E and Lummerzheim, Dirk and Solomon, Stanley C and Mills, Michael J and Marsh, Daniel R and Jackman, Charles H and Wang, Wenbin and Lu, Gang},
  journal={Journal of Geophysical Research: Space Physics},
  volume={113},
  number={A9},
  year={2008},
  publisher={Wiley Online Library}
}

@inproceedings{Diloy:1996,
  title={A numerical model of the ionosphere, including the E-region above EISCAT},
  author={Diloy, P-Y and Robineau, A and Lilensten, J and Blelly, P-L and Fontanari, J},
  booktitle={Annales Geophysicae},
  volume={14},
  number={2},
  pages={191--200},
  year={1996},
  organization={Springer}
}

@article{Stmaurice:1998,
  title={Reaction rate of O+ with O2, N2, and NO under highly disturbed auroral conditions},
  author={St-Maurice, J-P and Laneville, PJ},
  journal={Journal of Geophysical Research: Space Physics},
  volume={103},
  number={A8},
  pages={17519--17521},
  year={1998},
  publisher={Wiley Online Library}
}

@articles{Swartz:1972,
  title={Revised calculations of F region ambient electron heating by photoelectrons},
  author={Swartz, Wesley E and Nisbet, John S},
  journal={Journal of Geophysical Research},
  volume={77},
  number={31},
  pages={6259--6261},
  year={1972},
  publisher={Wiley Online Library}
}

@article{Lotko:2004,
  title={Inductive magnetosphere--ionosphere coupling},
  author={Lotko, W},
  journal={Journal of atmospheric and solar-terrestrial physics},
  volume={66},
  number={15},
  pages={1443--1456},
  year={2004},
  publisher={Elsevier}
}

@article{Stmaurice:1996,
  title={In situ generation of intense parallel electric fields in the lower ionosphere},
  author={St-Maurice, J-P and Kofman, W and James, D},
  journal={Journal of Geophysical Research: Space Physics},
  volume={101},
  number={A1},
  pages={335--356},
  year={1996},
  publisher={Wiley Online Library}
}

@article{Picone:2002,
  title={NRLMSISE-00 empirical model of the atmosphere: Statistical comparisons and scientific issues},
  author={Picone, JM and Hedin, AE and Drob, D Pj and Aikin, AC},
  journal={Journal of Geophysical Research: Space Physics},
  volume={107},
  number={A12},
  year={2002},
  publisher={Wiley Online Library}
}

@book{Schunk:2009,
  title={Ionospheres: physics, plasma physics, and chemistry},
  author={Schunk, Robert and Nagy, Andrew},
  year={2009},
  publisher={Cambridge university press}
}

@article{Schunk:1978,
  title={Electron temperatures in the F region of the ionosphere: Theory and observations},
  author={Schunk, RW and Nagy, Andrew F},
  journal={Reviews of Geophysics},
  volume={16},
  number={3},
  pages={355--399},
  year={1978},
  publisher={Wiley Online Library}
}

@article{Schunk:1975,
  title={Transport equations for aeronomy},
  author={Schunk, RW},
  journal={Planetary and Space Science},
  volume={23},
  number={3},
  pages={437--485},
  year={1975},
  publisher={Elsevier}
}

@article{Banks:1973,
  title={Aeronomy, Academic},
  author={Banks, PM and Kockarts, G},
  journal={New York},
  year={1973}
}

@article{Farley:1959,
  title={A theory of electrostatic fields in a horizontally stratified ionosphere subject to a vertical magnetic field},
  author={Farley, DT},
  journal={Journal of Geophysical Research},
  volume={64},
  number={9},
  pages={1225--1233},
  year={1959},
  publisher={Wiley Online Library}
}

@article{Huba:1988,
  title={Simulations of plasma structure evolution in the high-latitude ionosphere},
  author={Huba, JD and Mitchell, HG and Keskinen, MJ and Fedder, JA and Satyanarayana, P and Zalesak, ST},
  journal={Radio science},
  volume={23},
  number={4},
  pages={503--512},
  year={1988},
  publisher={American Geophysical Union (AGU)}
}

@book{Leveque:2002,
  title={Finite volume methods for hyperbolic problems},
  author={LeVeque, Randall J},
  volume={31},
  year={2002},
  publisher={Cambridge university press}
}

@article{Amestoy:2001,
  title={A fully asynchronous multifrontal solver using distributed dynamic scheduling},
  author={Amestoy, Patrick R and Duff, Iain S and L'Excellent, Jean-Yves and Koster, Jacko},
  journal={SIAM Journal on Matrix Analysis and Applications},
  volume={23},
  number={1},
  pages={15--41},
  year={2001},
  publisher={SIAM}
}

@article{Amestoy:2006,
  title={Hybrid scheduling for the parallel solution of linear systems},
  author={Amestoy, Patrick R and Guermouche, Abdou and L’Excellent, Jean-Yves and Pralet, St{\'e}phane},
  journal={Parallel computing},
  volume={32},
  number={2},
  pages={136--156},
  year={2006},
  publisher={Elsevier}
}

@article{Zettergren:2019,
  title={Latitude and longitude dependence of ionospheric TEC and magnetic perturbations from infrasonic-acoustic waves generated by strong seismic events},
  author={Zettergren, MD and Snively, JB},
  journal={Geophysical Research Letters},
  volume={46},
  number={3},
  pages={1132--1140},
  year={2019},
  publisher={Wiley Online Library}
}

@article{Diaz:2021,
  title={Auroral Heating of Plasma Patches Due to High-Latitude Reconnection},
  author={D{\'\i}az Pe{\~n}a, Joaqu{\'\i}n and Semeter, Joshua and Nishimura, Yukitoshi and Varney, Roger and Reimer, Ashton and Hairston, Marc and Zettergren, Matthew and Hirsch, Michael and Verkhoglyadova, Olga and Hosokawa, Keisuke and others},
  journal={Journal of Geophysical Research: Space Physics},
  volume={126},
  number={12},
  pages={e2021JA029657},
  year={2021},
  publisher={Wiley Online Library}
}

@article{Clayton:2021,
  title={Examining the auroral ionosphere in three dimensions using reconstructed 2D maps of auroral data to drive the 3D GEMINI model},
  author={Clayton, Robert and Burleigh, Meghan and Lynch, Kristina A and Zettergren, Matt and Evans, Tucker and Grubbs, Guy and Hampton, Donald L and Hysell, David and Kaeppler, Stephen and Lessard, Marc and others},
  journal={Journal of Geophysical Research: Space Physics},
  volume={126},
  number={11},
  pages={e2021JA029749},
  year={2021},
  publisher={Wiley Online Library}
}



