%% https://bibdesk.sourceforge.io/
%% This BibTeX bibliography file was created using BibDesk.

%% Created for Jonathan Snively at 2019-05-07 13:28:54 -0400 


%% Saved with string encoding Unicode (UTF-8) 

@article{weimer04,
author={Weimer, Daniel R.}, 
title={Improved ionospheric electrodynamic models and application to calculating Joule heating rates},  
journal={Journal of Geophysical Research}, 
volume=110, 
number={A05306}, 
doi={10.1029/2004JA010884}, 
year=2005
}

@article{weimer05,
author={Weimer, Daniel R.}, 
title={Predicting Surface Geomagnetic Variations Using Ionospheric Electrodynamic Models},
journal={Journal of Geophysical Research},
volume=110, 
number={A12307}, 
doi={10.1029/2005JA011270},
year=2005
}

@article{weimer-manual,
author       = {Weimer, Daniel},
title        = {Weimer 2005 ionospheric electric potential model 
               for {IDL}},
month        = 1,
year         = 2019,
publisher    = {Zenodo},
version      = 2005,
doi          = {10.5281/zenodo.2530324}
}

@misc{magicforest-code,
author={{MAGIC-forest}},
title={{MAGIC-forest} {AMR} shock interface fluid model library},
publisher={GitHub},
note={https://github.com/jbsnively/magicforest},
year=2023
}

@misc{treesgemini-code,
author={{trees-GEMINI}},
title={{trees-GEMINI} {AMR} ionospheric fluid model},
publisher={GitHub},
note={https://github.com/ECLAIRWaveS/ForestGemini},
year=2023
}

@misc{gemini3d-code,
author={Zettergren, Matthew and Hirsch, Michael and Grubbs, Guy},
title={{GEMINI3D} Ionospheric dynamics model software library},
publisher={GitHub},
note={https://github.com/gemini3d/gemini3d},
year=2023,
doi={10.5281/zenodo.6812158}
}

@misc{matgemini-code,
author={Zettergren, Matthew and Hirsch, Michael},
title={{MatGemini}: Matlab-based plotting and analysis for Gemini3D model},
year=2023,
note={https://github.com/gemini3d/mat\_gemini},
doi={10.5281/zenodo.7242122}
}

@misc{pygemini-code,
author={Hirsch, Michael and Zettergren, Matthew},
title={{PyGemini}: Python-based frontend, plotting and analysis for Gemini3D model},
year=2023,
note={https://github.com/gemini3d/pygemini},
doi={10.5281/zenodo.7675594}
}

@misc{h5fortran-code,
author={h5fortran},
title={HDF5 object-oriented Fortran interface},
year=2023,
note={https://github.com/geospace-code/h5fortran},
doi={10.5281/zenodo.7187647}
}

@misc{ffilesystem-code,
author={{Fortran-Filesystem}},
title={Fortran {C++} filesystem standard library object-oriented interface},
year=2023,
note={https://github.com/scivision/fortran-filesystem},
doi={10.5281/zenodo.7726025}
}

@misc{mumps-cmake,
author={Hirsch, Michael},
title={{MUMPS} Discrete sparse solver: CMake build scripts},
year=2023,
note={https://github.com/scivision/mumps},
}

@misc{scalapack-cmake,
author={{ScaLAPACK}},
title={{ScaLAPACK} parallel LAPACK library: CMake build scripts},
year=2023,
note={https://github.com/scivision/scalapack}
}

@misc{lapack,
author={{LAPACK}},
title={{LAPACK} linear algebra library},
year=2022,
note={https://github.com/Reference-LAPACK/lapack}
}

@misc{zlibng-cmake,
author={{ZLIB-ng}},
title={{ZLIB} next-generation file compression library},
year=2023,
note={https://github.com/scivision/zlib-ng}
}

@misc{HDF5,
author={{HDF5}},
title={{HDF5} file I/O library},
year=2023,
note={https://github.com/HDFGroup/hdf5}
}

@misc{renu2-data,
author={{RENU2}},
title={{RENU2} Rocket mission dataset, Magnetosphere Ionosphere Research Lab: Space Science Center},
publisher={University of New Hampshire},
note={http://mirl.sr.unh.edu/projects\_renu2/FlightData/FlightData.html},
year=2016
}
 
@misc{themis-asi-data,
title={{THEMIS-GBO} all-sky imager dataset, {University of Calgary}},
author={{THEMIS-GBO}},
note={https://data-portal.phys.ucalgary.ca/},
year=2023
}

@misc{swarm-tii-data,
title={{ESA-SWARM} instrument dataset},
author={{ESA-SWARM}},
note={\\https://earth.esa.int/eogateway/missions/swarm/data},
year=2023
}

@misc{swarmaurora,
title={{SWARM-Aurora conjunction finder tool, Univ of Calgary}},
author={{SWARM-Aurora}},
note={https://swarm-aurora.com},
year=2023
}

@misc{danko,
title={{ClearDarkSky database}},
author={Danko, A},
note={https://www.cleardarksky.com/csk/},
year=2023
}

@article{mule2022agu,
author={Mule, A and Lynch, K and {et. al}},
title={Poster: Auroral Current Continuity - a Featurized Database
Using Available Data},
journal={{AGU} conference}, 
year= 2022
}

@inproceedings{ester,
author = {Ester, Martin and Kriegel, Hans-Peter and Sander, J\"{o}rg and Xu, Xiaowei},
title = {A Density-Based Algorithm for Discovering Clusters in Large Spatial Databases with Noise},
year = {1996},
publisher = {AAAI Press},
booktitle = {Proceedings of the Second International Conference on Knowledge Discovery and Data Mining},
pages = {226–231},
numpages = {6},
keywords = {handling nlj4-275oise, arbitrary shape of clusters, clustering algorithms, efficiency on large spatial databases},
location = {Portland, Oregon},
series = {KDD'96}
}

@article{shadden,
title = {Definition and properties of Lagrangian coherent structures from finite-time Lyapunov exponents in two-dimensional aperiodicÂ flows},
journal = {Physica D: Nonlinear Phenomena},
volume = {212},
number = {3},
pages = {271-304},
year = {2005},
issn = {0167-2789},
doi = {https://doi.org/10.1016/j.physd.2005.10.007},
url = {https://www.sciencedirect.com/science/article/pii/S0167278905004446},
author = {Shawn C. Shadden and Francois Lekien and Jerrold E. Marsden},
keywords = {Coherent structures, Transport barriers, Direct and finite-time Lyapunov exponents, Mixing},
}

@InProceedings{frangi,
author="Frangi, Alejandro F.
and Niessen, Wiro J.
and Vincken, Koen L.
and Viergever, Max A.",
editor="Wells, William M.
and Colchester, Alan
and Delp, Scott",
title="Multiscale vessel enhancement filtering",
booktitle="Medical Image Computing and Computer-Assisted Intervention --- MICCAI'98",
year="1998",
publisher="Springer Berlin Heidelberg",
address="Berlin, Heidelberg",
pages="130--137",
}


@misc{ampere-data,
title={{AMPERE dataset, Johns Hopkins University Applied Physics Lab}},
author={{AMPERE}},
note={https://ampere.jhuapl.edu/},
year=2023
}

@misc{superdarn-data,
title={{SuperDARN} instrument dataset},
author={{SuperDARN}},
note={http://vt.superdarn.org/tiki-index.php?page=Data+Access},
year=2023
}

@misc{pkrr-dasc-data,
title={{DASC} camera dataset, {UAF Geophysical Institute}},
author={{UAF/GI DASC}},
note={http://optics.gi.alaska.edu/optics/},
year=2023
}

@misc{pkrr-sdi-data,
title={{Poker Flat Scanning Doppler Interferometer, UAF Geophysical Institute}},
author={{UAF/SDI}},
note={http://sdi\_server.gi.alaska.edu/sdiweb/index.asp},
year=2023
}

@article{pkrr-sdi-2012,
author={Anderson, C. and Conde, M. and McHarg, M. G.},
title={Neutral thermospheric dynamics observed with two scanning Doppler imagers: 1. Monostatic and bistatic winds.},
journal={Journal of Geophysical Research: Space Physics}, volume=117,
number=A3, 
doi={https://doi.org/10.1029/2011JA017041}
}

@article{anderson2014development,
  title={Development of large-scale Birkeland currents determined from the Active Magnetosphere and Planetary Electrodynamics Response Experiment},
  author={Anderson, BJ and Korth, H and Waters, CL and Green, DL and Merkin, VG and Barnes, RJ and Dyrud, LP},
  journal={Geophysical Research Letters},
  volume={41},
  number={9},
  pages={3017--3025},
  year={2014},
  publisher={Wiley Online Library}
}

@misc{pfisr-data,
title={{Poker Flat Incoherent Scatter Radar dataset, SRI International}},
author={{PFISR}},
note={https://data.amisr.com/database/},
year=2023
}

@article{heelis2020,
  title={Challenges to understanding the Earth's ionosphere and thermosphere},
  author={Heelis, RA and Maute, A},
  journal={Journal of Geophysical Research: Space Physics},
  volume={125},
  number={7},
  pages={e2019JA027497},
  year={2020},
  publisher={Wiley Online Library}
}

@article{harten1995,
  title={The design features of the GGS wind and polar spacecraft},
  author={Harten, Ronald and Clark, Kenn},
  journal={Space Science Reviews},
  volume={71},
  number={1-4},
  pages={23--40},
  year={1995},
  publisher={Springer}
}

@inproceedings{schlegel2005,
  title={Thermospheric density structures over the polar regions observed with CHAMP},
  author={Schlegel, Kristian and L{\"u}hr, Hermann and St.-Maurice, J-P and Crowley, Geoff and Hackert, Chris},
  booktitle={Annales Geophysicae},
  volume={23},
  number={5},
  pages={1659--1672},
  year={2005},
  organization={Copernicus Publications G{\"o}ttingen, Germany}
}

@article{zhang2012,
  title={Enhancement of thermospheric mass density by soft electron precipitation},
  author={Zhang, B and Lotko, W and Brambles, O and Wiltberger, Michael and Wang, Wenbin and Schmitt, P and Lyon, J},
  journal={Geophysical Research Letters},
  volume={39},
  number={20},
  year={2012},
  publisher={Wiley Online Library}
}

@article{crowley2010,
  title={Thermospheric density enhancements in the dayside cusp region during strong BY conditions},
  author={Crowley, G and Knipp, DJ and Drake, KA and Lei, J and Sutton, E and L{\"u}hr, Hermann},
  journal={Geophysical Research Letters},
  volume={37},
  number={7},
  year={2010},
  publisher={Wiley Online Library}
}

@article{pitout2021,
  title={The polar cusp seen by cluster},
  author={Pitout, F and Bogdanova, YV},
  journal={Journal of Geophysical Research: Space Physics},
  volume={126},
  number={9},
  pages={e2021JA029582},
  year={2021},
  publisher={Wiley Online Library}
}

@article{brinkman2016,
  title={High-resolution modeling of the cusp density anomaly: Response to particle and Joule heating under typical conditions},
  author={Brinkman, Douglas G and Walterscheid, Richard L and Clemmons, James H and Hecht, James H},
  journal={Journal of Geophysical Research: Space Physics},
  volume={121},
  number={3},
  pages={2645--2661},
  year={2016},
  publisher={Wiley Online Library}
}

@article{walterscheid1992,
  title={The neutral circulation in the vicinity of a stable auroral arc},
  author={Walterscheid, RL and Lyons, LR},
  journal={Journal of Geophysical Research: Space Physics},
  volume={97},
  number={A12},
  pages={19489--19499},
  year={1992},
  publisher={Wiley Online Library}
}

@article{oigawa2021,
  title={Time-dependent responses of the neutral mass density to fixed magnetospheric energy inputs into the cusp region in the thermosphere during a period of large IMF BY: a high-resolution two-dimensional local modeling},
  author={Oigawa, Tomokazu and Shinagawa, Hiroyuki and Taguchi, Satoshi},
  journal={Earth, Planets and Space},
  volume={73},
  pages={1--13},
  year={2021},
  publisher={Springer}
}

@article{demars2007,
  title={Thermospheric response to ion heating in the dayside cusp},
  author={Demars, HG and Schunk, RW},
  journal={Journal of atmospheric and solar-terrestrial physics},
  volume={69},
  number={6},
  pages={649--660},
  year={2007},
  publisher={Elsevier}
}

@article{Zettergren:2012,
  title={Ionospheric plasma transport and loss in auroral downward current regions},
  author={Zettergren, M and Semeter, J},
  journal={Journal of Geophysical Research: Space Physics},
  volume={117},
  number={A6},
  year={2012},
  publisher={Wiley Online Library}
}

@article{Huba:2000,
  title={Sami2 is Another Model of the Ionosphere (SAMI2): A new low-latitude ionosphere model},
  author={Huba, JD and Joyce, G and Fedder, JA},
  journal={Journal of Geophysical Research: Space Physics},
  volume={105},
  number={A10},
  pages={23035--23053},
  year={2000},
  publisher={Wiley Online Library}
}

@article{Schunk:1977,
  title={Mathematical structure of transport equations for multispecies flows},
  author={Schunk, RW},
  journal={Reviews of Geophysics},
  volume={15},
  number={4},
  pages={429--445},
  year={1977},
  publisher={Wiley Online Library}
}

@inproceedings{Blelly:1993,
  title={A comparative study of the time-dependent standard 8-, 13-and 16-moment transport formulations of the polar wind},
  author={Blelly, PL and Schunk, RW},
  booktitle={Annales geophysicae},
  volume={11},
  number={6},
  pages={443--469},
  year={1993}
}

@article{Zettergren:2015,
  title={Ionospheric response to infrasonic-acoustic waves generated by natural hazard events},
  author={Zettergren, MD and Snively, JB},
  journal={Journal of Geophysical Research: Space Physics},
  volume={120},
  number={9},
  pages={8002--8024},
  year={2015},
  publisher={Wiley Online Library}
}

@article{Solomon:2005,
  title={Solar extreme-ultraviolet irradiance for general circulation models},
  author={Solomon, Stanley C and Qian, Liying},
  journal={Journal of Geophysical Research: Space Physics},
  volume={110},
  number={A10},
  year={2005},
  publisher={Wiley Online Library}
}

@article{Richards:1994,
  title={EUVAC: A solar EUV flux model for aeronomic calculations},
  author={Richards, PG and Fennelly, JA and Torr, DG},
  journal={Journal of Geophysical Research: Space Physics},
  volume={99},
  number={A5},
  pages={8981--8992},
  year={1994},
  publisher={Wiley Online Library}
}

@article{Fang:2008,
  title={Electron impact ionization: A new parameterization for 100 eV to 1 MeV electrons},
  author={Fang, Xiaohua and Randall, Cora E and Lummerzheim, Dirk and Solomon, Stanley C and Mills, Michael J and Marsh, Daniel R and Jackman, Charles H and Wang, Wenbin and Lu, Gang},
  journal={Journal of Geophysical Research: Space Physics},
  volume={113},
  number={A9},
  year={2008},
  publisher={Wiley Online Library}
}

@article{Solomon:2001,
  title={Auroral particle transport using Monte Carlo and hybrid methods},
  author={Solomon, Stanley C},
  journal={Journal of Geophysical Research: Space Physics},
  volume={106},
  number={A1},
  pages={107--116},
  year={2001},
  publisher={Wiley Online Library}
}

@article{StMaurice:1998,
  title={Reaction rate of O+ with O2, N2, and NO under highly disturbed auroral conditions},
  author={St.-Maurice, J-P and Laneville, PJ},
  journal={Journal of Geophysical Research: Space Physics},
  volume={103},
  number={A8},
  pages={17519--17521},
  year={1998},
  publisher={Wiley Online Library}
}

@inproceedings{Diloy:1996,
  title={A numerical model of the ionosphere, including the E-region above EISCAT},
  author={Diloy, P-Y and Robineau, A and Lilensten, J and Blelly, P-L and Fontanari, J},
  booktitle={Annales geophysicae},
  volume={14},
  number={2},
  pages={191--200},
  year={1996},
  organization={Springer}
}

@article{Zettergren:2015b,
  title={Dynamics of density cavities generated by frictional heating: Formation, distortion, and instability},
  author={Zettergren, MD and Semeter, JL and Dahlgren, Hanna},
  journal={Geophysical Research Letters},
  volume={42},
  number={23},
  pages={10--120},
  year={2015},
  publisher={Wiley Online Library}
}

@article{Kintner:1985,
  title={The status of observations and theory of high latitude ionospheric and magnetospheric plasma turbulence},
  author={Kintner, Paul M and Seyler, Charles E},
  journal={Space science reviews},
  volume={41},
  number={1-2},
  pages={91--129},
  year={1985},
  publisher={Springer}
}

@article{Mitchell:1985,
  title={A simulation of high latitude F-layer instabilities in the presence of magnetosphere-ionosphere coupling},
  author={Mitchell Jr, HG and Fedder, JA and Keskinen, MJ and Zalesak, ST},
  journal={Geophysical research letters},
  volume={12},
  number={5},
  pages={283--286},
  year={1985},
  publisher={Wiley Online Library}
}


@article{liu2005,
  title={Global distribution of the thermospheric total mass density derived from CHAMP},
  author={Liu, H and L{\"u}hr, Hermann and Henize, V and K{\"o}hler, Wolfgang},
  journal={Journal of Geophysical Research: Space Physics},
  volume={110},
  number={A4},
  year={2005},
  publisher={Wiley Online Library}
}

@article{Chisham2007,
author = {Chisham, G and Lester, M and Milan, S E and Freeman, M P and Bristow, W A and Grocott, A and McWilliams, K A and Ruohoniemi, J M and Yeoman, T K and Dyson, P L and Greenwald, R A and Kikuchi, T and Pinnock, M and Rash, J P S and Sato, N and Sofko, G J and Villain, J.-P. and Walker, A D M},
doi = {10.1007/S10712-007-9017-8},
issn = {1573-0956},
journal = {Surveys in Geophysics 2007 28:1},
keywords = {Astronomy,Earth Sciences,Geophysics/Geodesy,Observations and Techniques,general},
month = {may},
number = {1},
pages = {33--109},
publisher = {Springer},
title = {{A decade of the Super Dual Auroral Radar Network (SuperDARN): scientific achievements, new techniques and future directions}},
volume = {28},
year = {2007}
}

@article{Nishitani2019,
author = {Nishitani, Nozomu and Ruohoniemi, John Michael and Lester, Mark and Baker, Joseph Benjamin Harold and Koustov, Alexandre Vasilyevich and Shepherd, Simon G and Chisham, Gareth and Hori, Tomoaki and Thomas, Evan G and Makarevich, Roman A and Marchaudon, Aur{\'{e}}lie and Ponomarenko, Pavlo and Wild, James A and Milan, Stephen E and Bristow, William A and Devlin, John and Miller, Ethan and Greenwald, Raymond A and Ogawa, Tadahiko and Kikuchi, Takashi},
doi = {10.1186/s40645-019-0270-5},
issn = {2197-4284},
journal = {Progress in Earth and Planetary Science},
month = {mar},
number = {1},
pages = {27},
title = {{Review of the accomplishments of mid-latitude Super Dual Auroral Radar Network (SuperDARN) HF radars}},
volume = {6},
year = {2019}
}

@article{cousins2010dynamical,
  title={A dynamical model of high-latitude convection derived from SuperDARN plasma drift measurements},
  author={Cousins, EDP and Shepherd, SG},
  journal={Journal of Geophysical Research: Space Physics},
  volume={115},
  number={A12},
  year={2010},
  publisher={Wiley Online Library}
}

@article{codrescu2000electric,
  title={Electric field variability associated with the Millstone Hill electric field model},
  author={Codrescu, MV and Fuller-Rowell, TJ and Foster, JC and Holt, JM and Cariglia, SJ},
  journal={Journal of Geophysical Research: Space Physics},
  volume={105},
  number={A3},
  pages={5265--5273},
  year={2000},
  publisher={Wiley Online Library}
}

@article{deng2013theoretical,
  title={Theoretical study: Influence of different energy sources on the cusp neutral density enhancement},
  author={Deng, Yue and Fuller-Rowell, Timothy J and Ridley, Aaron J and Knipp, Delores and Lopez, Ramon E},
  journal={Journal of Geophysical Research: Space Physics},
  volume={118},
  number={5},
  pages={2340--2349},
  year={2013},
  publisher={Wiley Online Library}
}

@article{zettergren2015ionospheric,
  title={Ionospheric response to infrasonic-acoustic waves generated by natural hazard events},
  author={Zettergren, MD and Snively, JB},
  journal={Journal of Geophysical Research: Space Physics},
  volume={120},
  number={9},
  pages={8002--8024},
  year={2015},
  publisher={Wiley Online Library}
}

@article{snively2013mesospheric,
  title={Mesospheric hydroxyl airglow signatures of acoustic and gravity waves generated by transient tropospheric forcing},
  author={Snively, JB},
  journal={Geophysical Research Letters},
  volume={40},
  number={17},
  pages={4533--4537},
  year={2013},
  publisher={Wiley Online Library}
}

@article{bale2003wave,
  title={A wave propagation method for conservation laws and balance laws with spatially varying flux functions},
  author={Bale, Derek S and Leveque, Randall J and Mitran, Sorin and Rossmanith, James A},
  journal={SIAM Journal on Scientific Computing},
  volume={24},
  number={3},
  pages={955--978},
  year={2003},
  publisher={SIAM}
}

@article{inchin2021inferring,
  title={Inferring the evolution of a large earthquake from its acoustic impacts on the ionosphere},
  author={Inchin, PA and Snively, JB and Kaneko, Y and Zettergren, MD and Komjathy, A},
  journal={AGU Advances},
  volume={2},
  number={2},
  pages={e2020AV000260},
  year={2021},
  publisher={Wiley Online Library}
}

@article{heale2019,
author = {Heale, C. J. and Snively, J. B. and Bhatt, A. N. and Hoffmann, L. and Stephan, C. C. and Kendall, E. A.},
title = {Multilayer Observations and Modeling of Thunderstorm-Generated Gravity Waves Over the Midwestern United States},
journal = {Geophysical Research Letters},
volume = {46},
number = {23},
pages = {14164-14174},
doi = {10.1029/2019GL085934},
year = {2019}
}

@article{schunk1980ionospheres,
  title={Ionospheres of the terrestrial planets},
  author={Schunk, RW and Nagy, AF},
  journal={Reviews of Geophysics},
  volume={18},
  number={4},
  pages={813--852},
  year={1980},
  publisher={Wiley Online Library}
}

@book{leveque:2002,
	author = {R. J. LeVeque},
	date-added = {2014-08-06 15:28:06 -0400},
	date-modified = {2014-08-06 15:32:17 -0400},
	keywords = {leveque:2002},
	number = {{ISBN}-0-521-00924-3},
	publisher = {Cambridge Univ. Press},
	series = {Cambridge texts in applied mathematics},
	title = {Finite {V}olume {M}ethods for {H}yperbolic {P}roblems},
	year = {2002}}

@misc{mpich,
author={{MPICH}},
title={{MPICH} library},
year=2023,
note={https://mpich.org}
}

@misc{openmpi,
title={{OpenMPI} library},
author={{OpenMPI}},
year=2022,
note={https://open-mpi.org}
}

@misc{ForestClaw,
title={{ForestClaw} software library},
author={Calhoun, Donna and Burstedde, Carsten and Aiton, Scott and Shih, Yu-hsuan and Hirsch, Michael and Mandli, Kyle and Terrel, Andy and Brandt, Hannes and Qin, Xinsheng and Kyanjo, Brian and Ghosh, Gautam and Lemoine, Grady and Griesbach, Tim},
note={https://github.com/ForestClaw/forestclaw},
year=2023
}
 @article{Calhoun:2017,
  author    = {Donna A. Calhoun and
               Carsten Burstedde},
  title     = {ForestClaw: {A} parallel algorithm for patch-based adaptive mesh refinement
               on a forest of quadtrees},
  journal   = {CoRR},
  volume    = {abs/1703.03116},
  year      = {2017},
  url       = {http://arxiv.org/abs/1703.03116},
  eprinttype = {arXiv},
  eprint    = {1703.03116},
  timestamp = {Thu, 14 Oct 2021 09:14:18 +0200},
  biburl    = {https://dblp.org/rec/journals/corr/CalhounB17.bib},
  bibsource = {dblp computer science bibliography, https://dblp.org}
}

@misc{libsc,
author={libsc},
note={https://github.com/cburstedde/libsc.git},
year=2023,
title={sc parallel science support library}
}

@misc{p4est,
title={p4est software library},
author={Burstedde, Carsten and Lahnert, Michael and Griesbach, Tim and Wilcox, Lucas and Rudi, Johann and Hereth, Ethan and Holke, Johannes and Kestener, Pierre and Isaac, Toby and Ghosh, Gautam},
note={https://github.com/cburstedde/p4est},
year=2023,
}
@article{burstedde:2011,
author = {Burstedde, Carsten and Wilcox, Lucas C. and Ghattas, Omar},
title = {p4est: Scalable Algorithms for Parallel Adaptive Mesh Refinement on Forests of Octrees},
journal = {SIAM Journal on Scientific Computing},
volume = {33},
number = {3},
pages = {1103-1133},
year = {2011},
doi = {10.1137/100791634},
URL = { https://doi.org/10.1137/100791634},
eprint = {https://doi.org/10.1137/100791634}
}

@article{StMaurice:1981,
  title={Ion-neutral momentum coupling near discrete high-latitude ionospheric features},
  author={St.-Maurice, J-P and Schunk, RW},
  journal={Journal of Geophysical Research: Space Physics},
  volume={86},
  number={A13},
  pages={11299--11321},
  year={1981},
  publisher={Wiley Online Library}
}

@book{Schunk:2009,
  title={Ionospheres: physics, plasma physics, and chemistry},
  author={Schunk, Robert and Nagy, Andrew},
  year={2009},
  publisher={Cambridge university press}
}

@article{Clayton:2021,
  title={Examining the auroral ionosphere in three dimensions using reconstructed 2D maps of auroral data to drive the 3D GEMINI model},
  author={Clayton, Robert and Burleigh, Meghan and Lynch, Kristina A and Zettergren, Matt and Evans, Tucker and Grubbs, Guy and Hampton, Donald L and Hysell, David and Kaeppler, Stephen and Lessard, Marc and others},
  journal={Journal of Geophysical Research: Space Physics},
  volume={126},
  number={11},
  pages={e2021JA029749},
  year={2021},
  publisher={Wiley Online Library}
}

@article{Lyons:1985,
  title={The neutral wind “flywheel” as a source of quiet-time, polar-cap currents},
  author={Lyons, LR and Killeen, TL and Walterscheid, RL},
  journal={Geophysical research letters},
  volume={12},
  number={2},
  pages={101--104},
  year={1985},
  publisher={Wiley Online Library}
}

@article{Thayer:2004,
  title={The convergence of magnetospheric energy flux in the polar atmosphere},
  author={Thayer, Jeffrey P and Semeter, Joshua},
  journal={Journal of Atmospheric and Solar-Terrestrial Physics},
  volume={66},
  number={10},
  pages={807--824},
  year={2004},
  publisher={Elsevier}
}

@article{Rees:1983,
  title={Neutral and ion gas heating by auroral electron precipitation},
  author={Rees, MH and Emery, BA and Roble, RG and Stamnes, K},
  journal={Journal of Geophysical Research: Space Physics},
  volume={88},
  number={A8},
  pages={6289--6300},
  year={1983},
  publisher={Wiley Online Library}
}

@article{Deng:2006,
  title={Dependence of neutral winds on convection E-field, solar EUV, and auroral particle precipitation at high latitudes},
  author={Deng, Y and Ridley, AJ},
  journal={Journal of Geophysical Research: Space Physics},
  volume={111},
  number={A9},
  year={2006},
  publisher={Wiley Online Library}
}

@article{Deng:2018,
  title={Possible influence of extreme magnetic storms on the thermosphere in the high latitudes},
  author={Deng, Yue and Sheng, Cheng and Tsurutani, Bruce T and Mannucci, Anthony J},
  journal={Space Weather},
  volume={16},
  number={7},
  pages={802--813},
  year={2018},
  publisher={Wiley Online Library}
}

@article{Richmond:1992,
  title={A thermosphere/ionosphere general circulation model with coupled electrodynamics},
  author={Richmond, AD and Ridley, EC and Roble, RG},
  journal={Geophysical Research Letters},
  volume={19},
  number={6},
  pages={601--604},
  year={1992},
  publisher={Wiley Online Library}
}

@article{Huang:2012,
  title={Height distribution of Joule heating and its influence on the thermosphere},
  author={Huang, Yanshi and Richmond, Arthur D and Deng, Yue and Roble, Ray},
  journal={Journal of Geophysical Research: Space Physics},
  volume={117},
  number={A8},
  year={2012},
  publisher={Wiley Online Library}
}

@article{Dahlgren:2013,
  title={The optical manifestation of dispersive field-aligned bursts in auroral breakup arcs},
  author={Dahlgren, H and Semeter, JL and Marshall, RA and Zettergren, M},
  journal={Journal of Geophysical Research: Space Physics},
  volume={118},
  number={7},
  pages={4572--4582},
  year={2013},
  publisher={Wiley Online Library}
}

@article{Semeter:2008,
  title={Wave dispersion and the discrete aurora: New constraints derived from high-speed imagery},
  author={Semeter, J and Zettergren, M and Diaz, M and Mende, S},
  journal={Journal of Geophysical Research: Space Physics},
  volume={113},
  number={A12},
  year={2008},
  publisher={Wiley Online Library}
}

@article{Knudsen:2001,
  title={Width and structure of mesoscale optical auroral arcs},
  author={Knudsen, DJ and Donovan, EF and Cogger, LL and Jackel, B and Shaw, WD},
  journal={Geophysical Research Letters},
  volume={28},
  number={4},
  pages={705--708},
  year={2001},
  publisher={Wiley Online Library}
}

@inproceedings{Partamies:2010,
  title={Observations of the auroral width spectrum at kilometre-scale size},
  author={Partamies, N and Syrj{\"a}suo, M and Donovan, E and Connors, M and Charrois, D and Knudsen, D and Kryzanowsky, Z},
  booktitle={Annales geophysicae},
  volume={28},
  number={3},
  pages={711--718},
  year={2010},
  organization={Copernicus Publications G{\"o}ttingen, Germany}
}

@article{Nishimura:2021,
  title={Evolution of mid-latitude density irregularities and scintillation in North America during the 7--8 September 2017 storm},
  author={Nishimura, Y and Mrak, S and Semeter, JL and Coster, AJ and Jayachandran, PT and Groves, KM and Knudsen, DJ and Nishitani, N and Ruohoniemi, JM},
  journal={Journal of Geophysical Research: Space Physics},
  volume={126},
  number={6},
  pages={e2021JA029192},
  year={2021},
  publisher={Wiley Online Library}
}

@article{Codrescu:1995,
  title={On the importance of E-field variability for Joule heating in the high-latitude thermosphere},
  author={Codrescu, MV and Fuller-Rowell, TJ and Foster, JC},
  journal={Geophysical Research Letters},
  volume={22},
  number={17},
  pages={2393--2396},
  year={1995},
  publisher={Wiley Online Library}
}

@article{Zhu:2018,
  title={Small-scale and mesoscale variabilities in the electric field and particle precipitation and their impacts on Joule heating},
  author={Zhu, Qingyu and Deng, Yue and Richmond, Arthur and Maute, Astrid},
  journal={Journal of Geophysical Research: Space Physics},
  volume={123},
  number={11},
  pages={9862--9872},
  year={2018},
  publisher={Wiley Online Library}
}

@article{Pedatella:2018,
  title={Effects of high-latitude forcing uncertainty on the low-latitude and midlatitude ionosphere},
  author={Pedatella, NM and Lu, G and Richmond, AD},
  journal={Journal of Geophysical Research: Space Physics},
  volume={123},
  number={1},
  pages={862--882},
  year={2018},
  publisher={Wiley Online Library}
}

@article{yigit:2011,
  title={Effects of high-latitude thermosphere heating at various scale sizes simulated by a nonhydrostatic global thermosphere--ionosphere model},
  author={Yi{\u{g}}it, Erdal and Ridley, Aaron J},
  journal={Journal of atmospheric and solar-terrestrial physics},
  volume={73},
  number={5-6},
  pages={592--600},
  year={2011},
  publisher={Elsevier}
}

@article{Matsuo:2008,
  title={Effects of high-latitude ionospheric electric field variability on global thermospheric Joule heating and mechanical energy transfer rate},
  author={Matsuo, Tomoko and Richmond, Arthur D},
  journal={Journal of Geophysical Research: Space Physics},
  volume={113},
  number={A7},
  year={2008},
  publisher={Wiley Online Library}
}

@article{Farley:1959,
  title={A theory of electrostatic fields in a horizontally stratified ionosphere subject to a vertical magnetic field},
  author={Farley Jr, DT},
  journal={Journal of Geophysical Research},
  volume={64},
  number={9},
  pages={1225--1233},
  year={1959},
  publisher={Wiley Online Library}
}

@article{Huba:1988,
  title={Simulations of plasma structure evolution in the high-latitude ionosphere},
  author={Huba, JD and Mitchell, HG and Keskinen, MJ and Fedder, JA and Satyanarayana, P and Zalesak, ST},
  journal={Radio science},
  volume={23},
  number={4},
  pages={503--512},
  year={1988},
  publisher={AGU}
}

@article{Burleigh:2019,
  title={Transient ionospheric upflow driven by poleward moving auroral forms observed during the Rocket Experiment for Neutral Upwelling 2 (RENU2) campaign},
  author={Burleigh, M and Zettergren, M and Lynch, K and Lessard, M and Moen, J and Clausen, L and Kenward, David and Hysell, D and Liemohn, M},
  journal={Geophysical Research Letters},
  volume={46},
  number={12},
  pages={6297--6305},
  year={2019},
  publisher={Wiley Online Library}
}

@article{Meier:1989,
  title={Deducing composition and incident electron spectra from ground-based auroral optical measurements: A study of auroral red line processes},
  author={Meier, RR and Strickland, DJ and Hecht, JH and Christensen, AB},
  journal={Journal of Geophysical Research: Space Physics},
  volume={94},
  number={A10},
  pages={13541--13552},
  year={1989},
  publisher={Wiley Online Library}
}

@article{Knight:1973,
  title={Parallel electric fields},
  author={Knight, Stephen},
  journal={Planetary and Space Science},
  volume={21},
  number={5},
  pages={741--750},
  year={1973},
  publisher={Elsevier}
}

@article{lyon:2004,
  title={The Lyon--Fedder--Mobarry (LFM) global MHD magnetospheric simulation code},
  author={Lyon, JG and Fedder, JA and Mobarry, CM},
  journal={Journal of Atmospheric and Solar-Terrestrial Physics},
  volume={66},
  number={15-16},
  pages={1333--1350},
  year={2004},
  publisher={Elsevier}
}

@article{Grubbs:2018,
  title={Predicting electron population characteristics in 2-D using multispectral ground-based imaging},
  author={Grubbs, Guy and Michell, Robert and Samara, Marilia and Hampton, Donald and Jahn, Jorg-Micha},
  journal={Geophysical Research Letters},
  volume={45},
  number={1},
  pages={15--20},
  year={2018},
  publisher={Wiley Online Library}
}

@article{Rees:1974,
  title={Auroral electron energy derived from ratio of spectroscopic emissions 1. Model computations},
  author={Rees, MH and Luckey, D},
  journal={Journal of Geophysical Research},
  volume={79},
  number={34},
  pages={5181--5186},
  year={1974},
  publisher={Wiley Online Library}
}

@article{Zettergren:2014,
  title={Auroral ionospheric F region density cavity formation and evolution: MICA campaign results},
  author={Zettergren, M and Lynch, K and Hampton, D and Nicolls, M and Wright, B and Conde, M and Moen, J and Lessard, M and Miceli, R and Powell, S},
  journal={Journal of Geophysical Research: Space Physics},
  volume={119},
  number={4},
  pages={3162--3178},
  year={2014},
  publisher={Wiley Online Library}
}

@book{Paschmann:2003,
  title={Auroral plasma physics},
  author={Paschmann, G{\"o}tz and Haaland, Stein and Treumann, Rudolf and Treumann, Rudolf A},
  volume={15},
  year={2003},
  publisher={Springer Science \& Business Media}
}

@article{Clayton:2019,
  title={Two-dimensional maps of in situ ionospheric plasma flow data near auroral arcs using auroral imagery},
  author={Clayton, Robert and Lynch, Kristina and Zettergren, Matt and Burleigh, Meghan and Conde, Mark and Grubbs, Guy and Hampton, Don and Hysell, David and Lessard, Marc and Michell, Robert and others},
  journal={Journal of Geophysical Research: Space Physics},
  volume={124},
  number={4},
  pages={3036--3056},
  year={2019},
  publisher={Wiley Online Library}
}

@article{Lessard:2020,
  title={Overview of the Rocket Experiment for Neutral Upwelling sounding rocket 2 (RENU2)},
  author={Lessard, Marc R and Fritz, Bruce and Sadler, Brent and Cohen, Ian and Kenward, David and Godbole, Niharika and Clemmons, James H and Hecht, James H and Lynch, Kristina A and Harrington, Meghan and others},
  journal={Geophysical Research Letters},
  volume={47},
  number={21},
  pages={e2018GL081885},
  year={2020},
  publisher={Wiley Online Library}
}

@article{Fritz:2020,
  title={RENU2 UV PMT observations of the cusp},
  author={Fritz, Bruce A and Lessard, Marc R and Dymond, Kenneth F and Kenward, David R and Lynch, Kristina A and Hecht, James H and Clemmons, James H and Cook, Timothy and Chakrabarti, Supriya and Solomon, Stanley C},
  journal={Geophysical Research Letters},
  volume={47},
  number={20},
  pages={e2019GL082314},
  year={2020},
  publisher={Wiley Online Library}
}

@article{Newell:2014,
  title={OVATION Prime-2013: Extension of auroral precipitation model to higher disturbance levels},
  author={Newell, PT and Liou, K and Zhang, Y and Sotirelis, T and Paxton, LJ and Mitchell, EJ},
  journal={Space Weather},
  volume={12},
  number={6},
  pages={368--379},
  year={2014},
  publisher={Wiley Online Library}
}

@article{Weimer:2001,
  title={An improved model of ionospheric electric potentials including substorm perturbations and application to the Geospace Environment Modeling November 24, 1996, event},
  author={Weimer, DR},
  journal={Journal of Geophysical Research: Space Physics},
  volume={106},
  number={A1},
  pages={407--416},
  year={2001},
  publisher={Wiley Online Library}
}

@article{Greenwald:1995,
  title={DARN/SuperDARN: A global view of the dynamics of high-latitude convection},
  author={Greenwald, RA and Baker, KB and Dudeney, JR and Pinnock, M and Jones, TB and Thomas, EC and Villain, J -P and Cerisier, J -C and Senior, Catherine and Hanuise, C and others},
  journal={Space Science Reviews},
  volume={71},
  pages={761--796},
  year={1995},
  publisher={Springer}
}

@article{Mende:2009,
  title={The THEMIS array of ground-based observatories for the study of auroral substorms},
  author={Mende, SB and Harris, SE and Frey, HU and Angelopoulos, V and Russell, CT and Donovan, E and Jackel, B and Greffen, M and Peticolas, LM},
  journal={The themis mission},
  pages={357--387},
  year={2009},
  publisher={Springer}
}

@article{Perry:2015,
  title={Spatiotemporally resolved electrodynamic properties of a Sun-aligned arc over Resolute Bay},
  author={Perry, GW and Dahlgren, Hanna and Nicolls, MJ and Zettergren, M and St.-Maurice, J-P and Semeter, JL and Sundberg, T and Hosokawa, K and Shiokawa, K and Chen, S},
  journal={Journal of Geophysical Research: Space Physics},
  volume={120},
  number={11},
  pages={9977--9987},
  year={2015},
  publisher={Wiley Online Library}
}

@article{Frederick:2007,
  title={SERSIO: Svalbard EISCAT rocket study of ion outflows},
  author={Frederick-Frost, KM and Lynch, KA and Kintner Jr, PM and Klatt, E and Lorentzen, D and Moen, J and Ogawa, Y and Widholm, M},
  journal={Journal of Geophysical Research: Space Physics},
  volume={112},
  number={A8},
  year={2007},
  publisher={Wiley Online Library}
}

@article{Lynch:2015,
  title={MICA sounding rocket observations of conductivity-gradient-generated auroral ionospheric responses: Small-scale structure with large-scale drivers},
  author={Lynch, KA and Hampton, DL and Zettergren, M and Bekkeng, TA and Conde, M and Fernandes, PA and Horak, P and Lessard, M and Miceli, R and Michell, R and others},
  journal={Journal of Geophysical Research: Space Physics},
  volume={120},
  number={11},
  pages={9661--9682},
  year={2015},
  publisher={Wiley Online Library}
}

@article{Carlson:1998,
  title={The fast auroral snapshot (FAST) mission},
  author={Carlson, CW and Pfaff, RF and Watzin, JG},
  journal={Geophysical research letters},
  volume={25},
  number={12},
  pages={2013--2016},
  year={1998},
  publisher={Wiley Online Library}
}

@article{Fang:2010,
  title={Parameterization of monoenergetic electron impact ionization},
  author={Fang, Xiaohua and Randall, Cora E and Lummerzheim, Dirk and Wang, Wenbin and Lu, Gang and Solomon, Stanley C and Frahm, Rudy A},
  journal={Geophysical Research Letters},
  volume={37},
  number={22},
  year={2010},
  publisher={Wiley Online Library}
}

@misc{clawpack-code,
author={{ClawpackDevelopmentTeam}},
title={Clawpack (Conservation Laws Package)},
year=2023,
note={http://www.clawpack.orgi},
%doi={10.5281/zenodo.7242122}
}

@misc{thunderegg-code,
author={S. Aiton and D. Calhoun},
title={Thunderegg},
year=2023,
note={http://github.com/ThunderEgg/},
%doi={10.5281/zenodo.7242122}
}

@incollection{Kaeppler:2022,
  title={Electromagnetic energy input and dissipation},
  author={Kaeppler, Stephen R and Knipp, Delores J and Verkhoglyadova, Olga P and Kilcommons, Liam M and Zhan, Weijia},
  booktitle={Cross-Scale Coupling and Energy Transfer in the Magnetosphere-Ionosphere-Thermosphere System},
  pages={301--355},
  year={2022},
  publisher={Elsevier}
}
